<?xml version="1.0" encoding="UTF-8"?><collection xmlns="http://www.loc.gov/MARC21/slim"><record><leader>00466nam--2200181-u-4500</leader><controlfield tag="001">000053049</controlfield><controlfield tag="002">20161230</controlfield><controlfield tag="005">20161230201050</controlfield><controlfield tag="008">110104s1000------------r-----000-0-eng-d</controlfield><datafield ind1=" " ind2=" " tag="020"><subfield code="a">9971500531</subfield></datafield><datafield ind1=" " ind2=" " tag="040"><subfield code="a">IFIN-HH</subfield></datafield><datafield ind1=" " ind2=" " tag="080"><subfield code="a">538.93:538.955:538.958</subfield></datafield><datafield ind1="1" ind2=" " tag="100"><subfield code="a">Lu, Yu</subfield></datafield><datafield ind1="1" ind2="0" tag="245"><subfield code="a">Solitons &amp; polarons in conducting polymers</subfield><subfield code="c">Yu lu</subfield></datafield><datafield ind1=" " ind2=" " tag="260"><subfield code="a">HONG KONG</subfield><subfield code="b">World Scientific</subfield><subfield code="c">1988</subfield></datafield><datafield ind1=" " ind2=" " tag="300"><subfield code="a">754P</subfield></datafield><datafield ind1=" " ind2=" " tag="852"><subfield code="a">81536</subfield><subfield code="c">538.9</subfield></datafield><datafield ind1=" " ind2=" " tag="CAT"><subfield code="a">Sys</subfield><subfield code="c">20110104</subfield><subfield code="h">091252</subfield></datafield></record></collection>